@Inbook{ParMETIS,
    author="Karypis, George",
    editor="Padua, David",
    title="METIS and ParMETIS",
    bookTitle="Encyclopedia of Parallel Computing",
    year="2011",
    publisher="Springer US",
    address="Boston, MA",
    pages="1117--1124",
    isbn="978-0-387-09766-4",
    doi="10.1007/978-0-387-09766-4_500",
    url="https://doi.org/10.1007/978-0-387-09766-4_500"
}

@book{ScrumGuide,
    title = "The Scrum Guide",
    author= "Ken Schwaber and Jeff Sutherland",
    year = "2020",
    url = "https://scrumguides.org/index.html"
}

@misc{XP, 
    title={Extreme programming: A gentle introduction.},
    url={http://www.extremeprogramming.org/}, 
    journal={Extreme Programming: A Gentle Introduction.},
    author={Don Wells}
} 

@misc{stackoverflow_developer_survey,
title={{StackOverflow developer survey 2022}},
url={https://survey.stackoverflow.co/2022/#section-version-control-version-control-systems},
year = {2022},
howpublished = {[Accessed October 2022]},
}

@book{FDD,
    author = {Palmer and Steve R. and Felsing, Mac},
    title = {A Practical Guide to Feature-Driven Development},
    year = {2001},
    isbn = {0130676152},
    publisher = {Pearson Education},
    edition = {1st}
}

@book{Kanban,
    author = "David J. Anderson",
    title = "Kanban: Successful Evolutionary Change for Your Technology Business",
    year = {2013},
    publisher = {Blue Hole Press Inc},
    isbn={0984521402}
}

@misc{Github,
    title={GitHub},
    url={https://github.com/}
}

@article{OP2_Performance,
  title={Performance analysis of the OP2 framework on many-core architectures},
  author={Mike B Giles and Gihan R Mudalidge and Sharif, Z and Markall, G and Kelly, Paul HJ},
  journal={ACM SIGMETRICS Performance Evaluation Review},
  volume={38},
  number={4},
  pages={9--15},
  year={2011},
  publisher={ACM New York, NY, USA}
}


@article{PGAS_CollectiveOpsTuning,
    title = {Tuning collective communication for Partitioned Global Address Space programming models},
    year = {2011},
    author = {Rajesh Nishtala and Yili Zheng and Paul H. Hargrove and Katherine A. Yelick},
}

@article{UPC_Performance,
    author = {Wei-Yu Chen and Dan Bonachea and Jasdon Duell},
    title = {A Performance Analysis of the Berkeley UPC Compiler},
    year = {2003}
}

@article{GPI2_spec,
    title = {The GASPI API specification and its implementation GPI 2.0},
    author = {Daniel Grunewald and Christian Simmendinger},
    year = {2013}
}

@article{UPC_introduction,
    title= {Introduction to UPC and Language Specification},
    author = {W.Carlson, J.Draper, D.Culler, K.Yelick, E.Brooks, K.Warren},
    year = {1999}
}

@incollection{PGAS_programming_models,
    title = {Chapter 16 - PGAS programming models},
    editor = {Jim Jeffers and James Reinders and Avinash Sodani},
    booktitle = {Intel Xeon Phi Processor High Performance Programming (Second Edition)},
    publisher = {Morgan Kaufmann},
    edition = {Second Edition},
    address = {Boston},
    pages = {369-382},
    year = {2016},
    isbn = {978-0-12-809194-4},
    doi = {https://doi.org/10.1016/B978-0-12-809194-4.00016-8},
    url = {https://www.sciencedirect.com/science/article/pii/B9780128091944000168},
    author = {Jim Jeffers and James Reinders and Avinash Sodani},
    keywords = {PGAS, OpenSHMEM, SHMEM, Global Arrays, MPI RMA, UPC, Coarray, Fortran 2008, Chapel, One-sided communication, RDMA, NUMA, Active messages, Processing element}
}

@book{FEM_PDESolutionsBook,
  title={Numerical Solution of Partial Differential Equations by the Finite Element Method},
  author={Johnson, C.},
  isbn={9780486131597},
  series={Dover Books on Mathematics Series},
  url={https://books.google.co.uk/books?id=PYXjyoqy5qMC},
  year={2012},
  publisher={Dover Publications, Incorporated}
}

@incollection{Distributed_Memory_Programming,
    title = {Chapter 5 - Distributed memory programming},
    editor = {Gerassimos Barlas},
    booktitle = {Multicore and GPU Programming},
    publisher = {Morgan Kaufmann},
    address = {Boston},
    pages = {239-390},
    year = {2015},
    isbn = {978-0-12-417137-4},
    doi = {https://doi.org/10.1016/B978-0-12-417137-4.00005-8},
    url = {https://www.sciencedirect.com/science/article/pii/B9780124171374000058},
    author = {Gerassimos Barlas},
    keywords = {MPI, Boost.MPI, distributed memory, one-sided communication, collective communication, point-to-point communication, MPI threads}
}

@INPROCEEDINGS{op2_library,
  author={Mudalige, G.R. and Giles, M.B. and Reguly, I. and Bertolli, C. and Kelly, P.H.J},
  booktitle={2012 Innovative Parallel Computing (InPar)}, 
  title={OP2: An active library framework for solving unstructured mesh-based applications on multi-core and many-core architectures}, 
  year={2012},
  volume={},
  number={},
  pages={1-12},
  doi={10.1109/InPar.2012.6339594}
}

@INPROCEEDINGS{Evaluating_GASPI,
  author={Breitbart, Jens and Schmidtobreick, Mareike and Heuveline, Vincent},
  booktitle={2014 IEEE International Parallel \& Distributed Processing Symposium Workshops}, 
  title={Evaluation of the Global Address Space Programming Interface (GASPI)}, 
  year={2014},
  pages={717-726},
  doi={10.1109/IPDPSW.2014.83}
}

@incollection{ptscotchOverview,
  TITLE = {{Scotch and PT-Scotch Graph Partitioning Software: An Overview}},
  AUTHOR = {Pellegrini, Fran{\c c}ois},
  URL = {https://hal.inria.fr/hal-00770422},
  BOOKTITLE = {{Combinatorial Scientific Computing}},
  EDITOR = {Uwe Naumann, Olaf Schenk},
  PUBLISHER = {{Chapman and Hall/CRC}},
  PAGES = {373-406},
  YEAR = {2012},
  DOI = {10.1201/b11644-15},
  HAL_ID = {hal-00770422},
  HAL_VERSION = {v1},
}

@Inbook{parMetisBook,
    author="Karypis, George",
    editor="Padua, David",
    title="{METIS} and {ParMETIS}",
    bookTitle="Encyclopedia of Parallel Computing",
    year="2011",
    publisher="Springer US",
    address="Boston, MA",
    pages="1117--1124",
    isbn="978-0-387-09766-4",
    doi="10.1007/978-0-387-09766-4_500",
    url="https://doi.org/10.1007/978-0-387-09766-4_500"
}

@INPROCEEDINGS{UPC++_Performance,
  author={Bachan, John and Baden, Scott B. and Hofmeyr, Steven and Jacquelin, Mathias and Kamil, Amir and Bonachea, Dan and Hargrove, Paul H. and Ahmed, Hadia},
  booktitle={2019 IEEE International Parallel and Distributed Processing Symposium (IPDPS)}, 
  title={{UPC++}: A High-Performance Communication Framework for Asynchronous Computation}, 
  year={2019},
  doi={10.1109/IPDPS.2019.00104}
}

@misc{UPC++_Programmers_Guide,
    title={UPC++ v1.0 Programmer's Guide},
    url={https://upcxx.lbl.gov/docs/html/guide.html#introduction}
}

@inproceedings{oplus_library,
  edition = {},
  number = {},
  journal = {},
  pages = {339-346},
  publisher = {},
  school = {},
  title = {Multigrid aircraft computations using the {OPlus} parallel library},
  volume = {},
  author = {Crumpton, P and Giles, M},
  editor = {},
  year = {1996},
  organizer = {Parallel CFD 1995 Conference - Implementations and Results Using Parallel Computers},
  series = {}
 }



@misc{GPI-2_Documentation,
    title = {{GPI-2} Documentation},
    url = {http://gpi-site.com.www488.your-server.de/docs/}
}

@misc{upc_publications,
  title = {{Berkeley UPC - Unified Parallel C -- Publications}},
  url = {https://upc.lbl.gov/publications/}
 }

@misc{BSD_OSI,
    title={The 3-Clause BSD Licence},
    url={https://opensource.org/licenses/BSD-3-Clause},
    publisher={Open Source Initiative}
}

@misc{mpi-dev,
  title        = "{OP2 Developers Guide - Distributed Memory (MPI) Parallelisation}",
  author       = "Mike Giles and Gihan R. Mudalidge and Istvan Reguly",
  howpublished = "\url{https://op-dsl.github.io/docs/OP2/mpi-dev.pdf}",
  year         = 2013,
}

@misc{dev,
  title        = "{OP2 Developers Guide}",
  author       = "Mike Giles",
  howpublished = "\url{https://op-dsl.github.io/docs/OP2/dev.pdf}",
  year         = 2013,
}

@misc{gpi-tutorial,
  title        = "{GASPI Tutorial}",
  author       = "Christian Simmendinger and Mirko Rahn and Daniel Gr√ºnewald",
  howpublished = "\url{https://www.archer.ac.uk/training/course-material/2017/03/PGAS_Warwick/Slides/gaspi_tutorial_warwick.pdf}",
  year         = 2017,
}

@article{introduction_to_upc,
author = {Carlson, William and Draper, Jesse and Culler, David and Yelick, Katherine and Brooks, Eugene and Warren, Karen and Livermore, Lawrence},
year = {1999},
month = {04},
pages = {},
title = {Introduction to UPC and language specification}
}

@misc{gaspi_partners,
title = {{GASPI} Forum members and partners},
url = {http://www.gaspi.de/partner/},
}

@article{PTScotch,
  author    = {C{\'{e}}dric Chevalier and
               Fran{\c{c}}ois Pellegrini},
  title     = {PT-Scotch: {A} tool for efficient parallel graph ordering},
  journal   = {CoRR},
  volume    = {abs/0907.1375},
  year      = {2009},
  url       = {http://arxiv.org/abs/0907.1375},
  eprinttype = {arXiv},
  eprint    = {0907.1375},
  timestamp = {Mon, 13 Aug 2018 16:47:14 +0200},
  biburl    = {https://dblp.org/rec/journals/corr/abs-0907-1375.bib},
  bibsource = {dblp computer science bibliography, https://dblp.org}
}

